<record><leader>00000cas a22000007a 4500</leader><controlfield tag="001">11193729</controlfield><controlfield tag="008">840925d18701876mtuwr ne      0    0eng d</controlfield><datafield ind1=" " ind2=" " tag="010"><subfield code="a">sn 84027510 </subfield></datafield><datafield ind1=" " ind2=" " tag="040"><subfield code="a">NPU</subfield><subfield code="b">eng</subfield><subfield code="c">NPU</subfield><subfield code="d">DLC</subfield><subfield code="d">UNP</subfield><subfield code="d">MTL</subfield><subfield code="d">CNK</subfield><subfield code="d">DLC</subfield><subfield code="d">OCLCQ</subfield><subfield code="d">UBY</subfield><subfield code="d">OCLCF</subfield><subfield code="d">OCLCO</subfield><subfield code="d">DLC</subfield></datafield><datafield ind1=" " ind2=" " tag="042"><subfield code="a">msc</subfield></datafield><datafield ind1="0" ind2="0" tag="050"><subfield code="a">Newspaper</subfield></datafield><datafield ind1="0" ind2=" " tag="130"><subfield code="a">Montanian (Virginia City, Mont.)</subfield></datafield><datafield ind1="1" ind2="4" tag="245"><subfield code="a">The Montanian.</subfield></datafield><datafield ind1="1" ind2="7" tag="246"><subfield code="a">Weekly Montanian</subfield><subfield code="f">1871-</subfield></datafield><datafield ind1=" " ind2=" " tag="260"><subfield code="a">Virginia City, Montana Territory :</subfield><subfield code="b">J. Wright,</subfield><subfield code="c">-1876.</subfield></datafield><datafield ind1=" " ind2=" " tag="300"><subfield code="a">v. :</subfield><subfield code="b">ill. (chiefly ads.) ;</subfield><subfield code="c">53 cm.</subfield></datafield><datafield ind1=" " ind2=" " tag="310"><subfield code="a">Weekly</subfield></datafield><datafield ind1="0" ind2=" " tag="362"><subfield code="a">Vol. 1, no. 1 (July 21, 1870)-v. 6, no. 33 (Mar. 9,1876).</subfield></datafield><datafield ind1=" " ind2=" " tag="500"><subfield code="a">"Official paper of the Territory."</subfield></datafield><datafield ind1=" " ind2=" " tag="530"><subfield code="a">Also issued on microfilm from University of California, Berkeley. Main Library.</subfield></datafield><datafield ind1=" " ind2="0" tag="651"><subfield code="a">Virginia City (Mont.)</subfield><subfield code="v">Newspapers.</subfield></datafield><datafield ind1=" " ind2="7" tag="651"><subfield code="a">Montana</subfield><subfield code="z">Virginia City.</subfield><subfield code="2">fast</subfield><subfield code="0">(OCoLC)fst01251119</subfield></datafield><datafield ind1=" " ind2="7" tag="655"><subfield code="a">Newspapers.</subfield><subfield code="2">fast</subfield><subfield code="0">(OCoLC)fst01423814</subfield></datafield><datafield ind1=" " ind2=" " tag="752"><subfield code="a">United States</subfield><subfield code="b">Montana</subfield><subfield code="c">Madison</subfield><subfield code="d">Virginia City.</subfield></datafield><datafield ind1="0" ind2="4" tag="785"><subfield code="t">Madisonian (Virginia City, Mont. : 1873)</subfield><subfield code="x">2378-9905</subfield><subfield code="w">(DLC)sn 86091484</subfield><subfield code="w">(OCoLC)13663493</subfield></datafield><datafield ind1="1" ind2=" " tag="029"><subfield code="a">AU@</subfield><subfield code="b">000026223518</subfield></datafield></record>